@misc{boxhead,
    author = "Boxhead Fandom",
    title = "Boxhead (series)",
    howpublished  = "\url{https://boxhead.fandom.com/wiki/Boxhead_(series)}",
    note = "accessed on 2020-12-04"
}

@misc{web:loneliness,
    author = "Mental Health Foundation",
    title = "Loneliness during coronavirus",
    howpublished = "\url{https://www.mentalhealth.org.uk/coronavirus/loneliness-during-coronavirus}",
    note = "accessed on 2020-12-07"
}

@article{article:thetastar,
  title={Theta*: Any-angle path planning on grids},
  author={Daniel, Kenny and Nash, Alex and Koenig, Sven and Felner, Ariel},
  journal={Journal of Artificial Intelligence Research},
  volume={39},
  pages={533--579},
  year={2010}
}

@article{article:astar,
  title={A formal basis for the heuristic determination of minimum cost paths},
  author={Hart, Peter E and Nilsson, Nils J and Raphael, Bertram},
  journal={IEEE transactions on Systems Science and Cybernetics},
  volume={4},
  number={2},
  pages={100--107},
  year={1968},
  publisher={IEEE}
}

@article{article:floydWarshall,
  title={Algorithm 97: shortest path},
  author={Floyd, Robert W},
  journal={Communications of the ACM},
  volume={5},
  number={6},
  pages={345},
  year={1962},
  publisher={ACM New York, NY, USA}
}

@misc{article:slither,
  title={The future of Slither.io, and tips direct from the developer},
  author={Mark Brown},
  journal={pocketgamer},
  howpublished = {\url{https://www.pocketgamer.com/articles/070063/interview-the-future-of-slither-io-and-tips-direct-from-the-developer/}},
  year={2016}
}

@article{article:agar,
  title={Agar.io: The Game’s in the Name},
  author={Cameron Lindsey},
  journal={Games and Culture},
  volume={14},
  pages={154--169},
  year={2019}
}

@misc{github,
    title={Where the world builds software},
    author={{GitHub, Inc.}},
    howpublished={\url{https://github.com/}},
    note={Accessed 2021-01-05.}
}

@misc{typescript,
    title={Typed JavaScript at Any Scale.},
    author={{Microsoft Corporation}},
    howpublished={\url{https://www.typescriptlang.org/}},
    note={Online, accessed 2021-01-05.}
}

@misc{nodejs,
    title={Node.js},
    author={{OpenJS Foundation}},
    howpublished={\url{https://nodejs.org/en/}},
    note={Online, accessed 2021-01-05.}
}

@misc{planckjs,
    title={Planck.js},
    author={Ali Shakiba},
    howpublished={\url{https://piqnt.com/planck.js/}},
    note={Online, accessed 2021-01-05.}
}

@misc{pixijs,
    title={The HTML5 Creation Engine},
    author={{Goodboy Digital Ltd.}},
    howpublished={\url{https://www.pixijs.com/}},
    note={Online, accessed 2021-01-05.}
}

@misc{tiled,
    title={Your free, easy to use and flexible level editor.},
    author={Thorbjørn Lindeijer},
    howpublished={\url{https://www.mapeditor.org/}},
    note={Online, accessed 2021-01-05.}
}

@misc{drive,
    title={Easy and secure access to all of your content},
    author={{Google LLC}},
    howpublished={\url{https://www.google.com/drive/}},
    note={Online, accessed 2021-01-05.}
}

@misc{piskelapp,
    title={Piskel is a free online editor for animated sprites \& pixel art},
    author={{Julian Descottes}},
    howpublished={\url{https://www.piskelapp.com/}},
    note={Online, accessed 2021-01-06.}
}

@misc{geckos,
    title={Real-time client/server communication over UDP using WebRTC and Node.js},
    author={Yannick Deubel},
    howpublished={\url{https://geckosio.github.io/}},
    note={Online, accessed 2021-01-06.}
}

@misc{web:pson,
    title={Protocol JSON: Binary serialization format},
    author={Daniel Wirtz},
    howpublished={\url{https://github.com/dcodeIO/PSON}},
    note={Online, accessed 2021-01-11.}
}

@misc{web:valve:mp,
    title={Source Multiplayer Networking},
    author={Valve Corporation},
    howpublished={\url{https://developer.valvesoftware.com/wiki/Source_Multiplayer_Networking}},
    note={Online, accessed 2021-01-15.}
}

@misc{web:agario:webrtc,
    title={HackerNews, WebRTC: the future of web games},
    author={Matheus28},
    howpublished={\url{https://news.ycombinator.com/item?id=13266692}},
    note={Online, accessed 2021-01-15.}
}

@techreport{rfc768,
   author = "Jon Postel",
   title = "{User Datagram Protocol}",
   howpublished = {Internet Requests for Comments},
   type="{RFC}",
   number=768,
   pages = {1-3},
   year = {1980},
   month = {8},
   issn = {2070–1721},
   publisher = "{RFC Editor}",
   institution = "{RFC Editor}",
   URL={https://www.rfc-editor.org/rfc/rfc768.txt},
   shorthand={RFC768}
   }
   
@techreport{rfc894,
   author = "Charles Hornig",
   title = "{A Standard for the Transmission of IP Datagrams over Ethernet Networks}",
   howpublished = {Internet Requests for Comments},
   type="{RFC}",
   number=894,
   pages = {1-2},
   year = {1984},
   month = {4},
   issn = {2070–1721},
   publisher = "{RFC Editor}",
   institution = "{RFC Editor}",
   URL={https://www.rfc-editor.org/rfc/rfc894.txt},
   shorthand={RFC894}
   }