@article{NEAT,
  title={Evolving Neural Networks through Augmenting Topologies},
  author={Stanley, Kenneth O and Miikkulainen, Risto},
  journal={Evolutionary computation},
  volume={10},
  number={2},
  pages={99--127},
  year={2002},
  publisher={MIT Press}
}

@misc{eltetris,
  author = "ielashi@gmail.com",
  title = {{El-Tetris -- An Improvement on Pierre Dellacherie’s Algorithm}},
  howpublished = "\url{https://imake.ninja/el-tetris-an-improvement-on-pierre-dellacheries-algorithm/}",
  note = "Taken 2020-05-23"
}

@misc{pierre,
  author = "Fahey, Colin",
  title = {{Tetris AI}},
  howpublished = "\url{https://www.colinfahey.com/tetris/tetris.html}",
  note = "Taken 2020-05-26",
  year = "2003",
  month = "June"
}

@book{bertsekas,
  title={Neuro-dynamic programming},
  author={Bertsekas, Dimitri P and Tsitsiklis, John N},
  year={1996},
  publisher={Athena Scientific}
}

@INPROCEEDINGS{PSO,
  author={J. {Kennedy} and R. {Eberhart}},
  booktitle={Proceedings of ICNN'95 - International Conference on Neural Networks}, 
  title={Particle swarm optimization}, 
  year={1995},
  volume={4},
  number={},
  pages={1942-1948 vol.4},
}

% Kanske borde bara proceedings, osäker
@article{NEATLearning,
  title={Efficient Reinforcement Learning through Evolving Neural Network Topologies},
  author={Stanley, Kenneth O and Miikkulainen, Risto},
  journal={Proceedings of the Genetic and Evolutionary Computation Conference},
  publisher={GECCO-2002},
  year={2002},
}

@book{GA,
    author={Holland, John H},
    title={Adaptation in Natural and Artificial Systems: An Introductory Analysis with Applications to Biology, Control and Artificial Intelligence},
    publisher={University of Michigan Press},
    address={Ann Arbor, Michigan},
    year={1975}
}

@article{GA2,
  title={Genetic algorithms},
  author={Holland, John H},
  journal={Scientific american},
  volume={267},
  number={1},
  pages={66--73},
  year={1992},
  publisher={JSTOR}
}

@article{TetrisML,
  title={The Game of Tetris in Machine Learning},
  author={Algorta, Sim{\'o}n and {\c{S}}im{\c{s}}ek, {\"O}zg{\"u}r},
  journal={arXiv preprint arXiv:1905.01652},
  year={2019}
}

@article{TetrisLose,
  title={How to lose at Tetris},
  author={Burgiel, Heidi},
  journal={The Mathematical Gazette},
  volume={81},
  number={491},
  pages={194--200},
  year={1997},
  publisher={Cambridge University Press}
}

@inproceedings{comparingNEAT,
  title={Comparing direct and indirect encodings using both raw and hand-designed features in tetris},
  author={Gillespie, Lauren E and Gonzalez, Gabriela R and Schrum, Jacob},
  booktitle={Proceedings of the Genetic and Evolutionary Computation Conference},
  pages={179--186},
  year={2017}
}