% See IEEEtran/bibtex/IEEEtran_bst_HOWTO.pdf section VII, or IEEEtran/bibtex/IEEEexample.bib (last part)
@IEEEtranBSTCTL{rapport:BSTcontrol,
                  CTLdash_repeated_names = "no",
		  CTLname_url_prefix = "[Online]. Tillg√§nglig:"
		  }
