@STRING{ jan = "Januari" }
@STRING{ feb = "Februari" }
@STRING{ mar = "Mars" }
@STRING{ apr = "April" }
@STRING{ may = "Maj" }
@STRING{ jun = "Juni" }
@STRING{ jul = "Juli" }
@STRING{ aug = "Augusti" }
@STRING{ sep = "September" }
@STRING{ oct = "Oktober" }
@STRING{ nov = "November" }
@STRING{ dec = "December" }

@Book(dawson:projects-in-computing
  ,author	= {Christian W. Dawson}
  ,title 	= {Projects in Computing and Information Systems}
  ,publisher 	= {Pearson}
  ,year 	= 2015
  ,address	= {Harlow, UK}
  ,edition	= {3rd edition}
)
@Book(dawson:projects-in-computing-old
  ,author	= {Christian W. Dawson}
  ,title 	= {Projects in Computing and Information Systems}
  ,publisher 	= {Pearson}
  ,year 	= 2009
  ,address	= {Harlow, UK}
  ,edition	= {2nd edition}
)

@Article(twostein:hello-world
  ,author 	= {Albert Twostein}
  ,title 	= {Hello World}
  ,journal 	= {Journal of Silly Statements}
  ,year 	= 2016
)

@Electronic(berners-lee:cool-uris,
  author = {Tim Berners-Lee},
  title  = {Cool {URI}s don't change},
  year   = 1998,
  url    = {https://www.w3.org/Provider/Style/URI},
  organization = {W3C},
  note  = "Hämtad 2018-04-26"
  )


@Electronic{web:verahill,
    author = "Verahill",
    title = "Larmrapport: Miljarder regleras inte av samboavtal – stor risk för extra tråkig separation",
    url = "https://www.verahill.se/om-verahill/pressmeddelanden/#/pressreleases/larmrapport-miljarder-regleras-inte-av-samboavtal-stor-risk-foer-extra-traakig-separation-2835831",
    note = "Hämtad 2019-04-17"
}

@Electronic{web:kollega,
    author = "Kollega",
    title = "Få känner till studentavtal",
    url = "https://www.kollega.se/fa-kanner-till-studentavtal",
    note = "Hämtad 2019-04-17"
}
  

@Electronic(web:globalamalen,
  author = {UNDP},
  title  = {Om oss – UNDP och Globala målen},
  url    = {https://www.globalamalen.se/om-undp/},
  note  = "Hämtad 2019-06-09"
  )
  
@Electronic(web:globalamalen-5,
  author = {UNDP},
  title  = {Mål 5: Jämställdhet},
  url    = {https://www.globalamalen.se/om-globala-malen/mal-5-jamstalldhet/},
  note  = "Hämtad 2019-04-05"
  )
  
@Electronic(web:globalamalen-16,
  author = {UNDP},
  title  = {Mål 16: Fredliga och inkluderande samhällen},
  url    = {https://www.globalamalen.se/om-globala-malen/mal-16-fredliga-och-inkluderande-samhallen/},
  note  = "Hämtad 2019-04-05"
  )

@Electronic{web:watson-assistant,
  author = "IBM",
  title = {{Watson Assistant}},
  url = "https://www.ibm.com/cloud/watson-assistant/",
  note = "Hämtad 2019-04-07"
} 

@Electronic{web:mauldin-chatbot,
  author = "Michael L. Mauldin",
  title = { CHATTERBOTS,TINYMUDS,and the Turing Test Entering the Loebner Prize Competition},
  url = "http://new.aaai.org/Papers/AAAI/1994/AAAI94-003.pdf",
  note = "Hämtad 2019-04-28"
}

@Electronic{web:nodejs,
  author = "Nodejs",
  title = "Node.js homepage",
  url = "https://nodejs.org/",
  note = "Hämtad 2019-04-07"
}

@Electronic(web:witai,
    author = "wit.ai",
    title = "wit.ai homepage",
    url = "https://wit.ai/",
    note = "Hämtad 2019-04-19"
)

@Electronic(web:dialogflow,
    author = "Dialogflow",
    title = "Dialogflow homepage",
    url = "https://dialogflow.com/",
    note = "Hämtad 2019-04-19"
)

@Electronic(web:react,
    author = "React",
    title = "React Homepage",
    url = "https://reactjs.org/",
    note = "Hämtad 2019-04-28"
)

@Electronic(web:wikipedia:spa,
    author = "Madhuri A. Jadhav and Balkrishna R. Sawant and Anushree Deshmukh",
    title = "Single Page Application using AngularJS",
    url = "http://citeseerx.ist.psu.edu/viewdoc/download?doi=10.1.1.736.4771&rep=rep1&type=pdf",
    note = "Hämtad 2019-05-22"
)


@Electronic(web:wikipedia:declarative,
    author = "K.R. Apt",
    title = "Logic Programming",
    url = "https://ir.cwi.nl/pub/13580/13580A.pdf",
    note = "Hämtad 2019-05-22"
)

@Electronic(web:digitala_klyftan,
    author = "Olle Findahl",
    title = "SVENSKARNA OCH INTERNET 2003",
    url = "https://internetstiftelsen.se/docs/SOI2003.pdf",
    note = "Hämtad 2019-05-17"
)

@Electronic{web:automio,
  author = "Automio",
  title = "Automio's homepage",
  url = "https://autom.io",
  note = "Hämtad 2019-04-17"
}

@Electronic{web:donotpay,
  author = "DoNotPay",
  title = "DoNotPay's homepage",
  url = "https://donotpay.com",
  note = "Hämtad 2019-04-17"
}


@Electronic{web:law-society-Automio,
  author = "Law society",
  title = "Automio",
  url = "https://www.lawsociety.org.nz/practice-resources/the-business-of-law/technology-recent-developments/automio",
  note = "Hämtad 2019-04-08"
}

@Article{web:daily-mail-DoNotPay,
  author = "Julian Robinson",
  title = "The 18-year-old student who has saved British drivers £2MILLION in just four months: Teenager sets up free appeals website in his bedroom which has overturned 30,000 parking fines already",
  journal = "Daily Mail", 
  year = 2015,
  month = dec,  
  url = "https://www.dailymail.co.uk/news/article-3341645/The-18-year-old-student-saved-British-drivers-2MILLION-just-four-months-Teenager-sets-free-appeals-website-bedroom-overturned-30-000-parking-fines-already.html",
  note = "Hämtad 2019-04-08"
}

@Article{web:pennyhoarder-DoNotPay,
  author = "Carson Kohler",
  title = "Meet the College Student Who Built a Chatbot to Fight Parking Tickets",
  url = "https://www.thepennyhoarder.com/life/cars-transportation/how-to-fight-a-parking-ticket-with-donotpay/",
  note = "Hämtad 2019-04-08",
  journal = "The Penny Hoarder",
  year = 2018,
  month = jun
}

@Article{web:motherboard-DoNotPay,
  author = "Caroline Haskins",
  title = "New App Lets You 'Sue Anyone By Pressing a Button'",
  journal = "Motherboard",
  year = 2018,
  month = oct,
  url = "https://motherboard.vice.com/en_us/article/bj43y8/donotpay-app-lets-you-sue-anyone-by-pressing-a-button",
  note = "Hämtad 2019-04-08"
}

@Article{web:Eliza-weizenbaum,
  author = "Joseph Weizenbaum",
  title = "Computational linguistics",
  journal = "Communications of the ACM",
  year = 1966,
  month = jan,
  url = "https://web.stanford.edu/class/linguist238/p36-weizenabaum.pdf
",
  note = "Hämtad 2019-04-18"
}

@Article{web:chatbotmagazine-nilima-shah,
  author = "Nilima Shah",
  title = "Which Is Best for You: Rule-Based Bots or AI Bots?",
  journal = "chatbots magazine",
  year = 2017,
  month = feb,
  url = "https://chatbotsmagazine.com/which-is-best-for-you-rule-based-bots-or-ai-bots-298b9106c81d",
  note = "Hämtad 2019-04-18"
}

@Electronic{web:medium-kumar-shridhar,
  author = "Kumar Shridhar",
  title = "Rule based bots vs AI bots",
  url = "https://medium.com/botsupply/rule-based-bots-vs-ai-bots-b60cdb786ffa",
  note = "Hämtad 2019-04-18"
}


@Article{web:chatbotmagazine-paul-boutin,
  author = "Paul Boutin",
  title = "Does a Bot Need Natural Language Processing?",
  journal = "chatbots magazine",
  year = 2017,
  month = Apr,
  url = "https://chatbotsmagazine.com/does-a-bot-need-natural-language-processing-c2f76ab7ef11",
  note = "Hämtad 2019-04-18"
}

@Electronic{web:paul-selby-chatbots,
  author = "Paul Selby",
  title = "3 Reasons Rule-Based Chatbots Rule",
  url = "https://www.business2community.com/business-innovation/3-reasons-rule-based-chatbots-rule-02125818",
  note = "Hämtad 2019-04-18"
}
@Article{web:wikipedia:deadlock,
  author = "E. G. COFFMAN, JR. and M. J. ELPHICK and A. SHOSHANI",
  title = "System Deadlock",
  journal = "Computer surveys",
  year = 1971,
  month = Jun,
  url = "https://carlstrom.com/stanford/quals/mirror/www-db.stanford.edu/~manku/quals/zpapers/71-deadlocks.pdf.gz",
  note = "Hämtad 2019-05-22"
}

@book{web:mozilla:whatisjs,
  author = {David Flanagan},
  year = {2006},
  title = "JavaScript: The Definitive Guide",
  publisher = {O'Reilly Media},
  address = {1005, Gravenstein Highway North, Sebastopol},
  edition = {5}
}


@Electronic{web:job-lost-job-gained,
  author = "James Manyika and Susan Lund and Michael Chui and Jacques Bughin  and Jonathan Woetzel and Parul Batra and Ryan Ko and Saurabh Sanghvi",
  title = "JOBS LOST, JOBS GAINED: WORKFORCE TRANSITIONS IN A TIME OF AUTOMATION",
  url = "https://www.mckinsey.com/~/media/mckinsey/featured%20insights/Future%20of%20Organizations/What%20the%20future%20of%20work%20will%20mean%20for%20jobs%20skills%20and%20wages/MGI-Jobs-Lost-Jobs-Gained-Report-December-6-2017.ashx",
  note = "Hämtad 2019-04-18"
}

@Electronic{web:lawyers-auto,
  author = "Peter Nussey",
  title = "How much of what lawyers do can be automated? A look at new research.",
  url = "https://www.linkedin.com/pulse/how-much-what-lawyers-do-can-automated-look-new-research-peter-nussey?trk=portfolio_article-card_title",
  note = "Hämtad 2019-04-18"
}

@book{twisted,
  author = { Abe Fettig},
  year = {2005},
  title = {\LaTeX: Twisted Network Programming Essentials},
  publisher = {O'Reilly Media},
  address = {1005, Gravenstein Highway North, Sebastopol},
  edition = {2}
}

@Electronic{web:browser-javascript,
  author = "Allison Parrish",
  title = "JavaScript in the browser console",
  url = "https://creative-coding.decontextualize.com/browser-console/",
  note = "Hämtad 2019-04-29"
}

@Electronic{web:MySQL,
  author = "Oracle Corporation",
  title = "What is MySQL?",
  url = "https://dev.mysql.com/doc/refman/5.7/en/what-is-mysql.html",
  note = "Hämtad 2019-05-03"
}

@Electronic{web:HTTP-status-codes,
  author = "RFC 2616 Fielding, et al.",
  title = "HTTP/1.1: Status Code Definitions",
  url = "https://www.w3.org/Protocols/rfc2616/rfc2616-sec10.html",
  note = "Hämtad 2019-05-06"
}

@Electronic{web:MongoDB,
  author = "Oracle Corporation",
  title = "What is Mongodb?",
  url = "https://www.mongodb.com/what-is-mongodb",
  note = "Hämtad 2019-05-06"
}

/@Electronic{web:sprakteknologi,
  author = "redaktionen",
  title = "Välkommen till Språkteknologi.se!",
  url = "http://sprakteknologi.se",
  note = "Hämtad 2019-05-06"
}

@Electronic{web:5AI,
  author = "Karin Lindström",
  title = "Fem olika sätt att prata om AI",
  url = "https://computersweden.idg.se/2.2683/1.652787/ai-fem-satt",
  note = "Hämtad 2019-05-06"
}

@Article{web:NLPcurves,
  author = "Erik Cambria and Bebo White",
  title = "Jumping NLP Curves: A Review of Natural Language Processing Research?",
  journal = "IEEE ComputatIonal Intelligence magazine",
  year = 2014,
  month = May,
  url = "http://www.krchowdhary.com/ai/ai14/lects/nlp-research-com-intlg-ieee.pdf"
}

@Article{web:konkurrensverket,
  author = "Johan Adamsson and Bo Genfors",
  title = "Juridiska tjänster och konsumenter",
  journal = "Konkurrensverkets rapportserie",
  year = 2017,
  month = Jun,
  url = "http://www.konkurrensverket.se/globalassets/publikationer/rapporter/rapport_2017-10.pdf"
}

@Electronic{web:dylanavalverde-chatbots,
  author = "Wizu",
  title = "A Visual History Of Chatbots",
  url = "https://chatbotsmagazine.com/a-visual-history-of-chatbots-8bf3b31dbfb2",
  note = "Hämtad 2019-04-18"
}

@Electronic{web:AIML-anna,
  author = "Locke Tiptree",
  title = "Anna an AIML chatbot",
  url = "https://pandorabots.com/pandora/talk?botid=fd5c287f1e357db6",
  note = "Hämtad 2019-05-13"
}

@Electronic{web:jwt,
  author = {{Internet Engineering Task Force}},
  title = {{7 Web Token (JWT)}},
  url = "https://tools.ietf.org/html/rfc7519",
  note = "Hämtad 2019-05-13"
}

@Electronic{web:srf-IT,
  author = {{Synskadades Riksförbund}},
  title = "IT, datorer och synskadade",
  url = "http://www.srf.nu/globalassets/tillganglig-text/it.pdf",
  note = "Hämtad 2019-05-13"
}

@Electronic{web:consector,
  author = "Consector",
  title = "Consector förklarar",
  url = "https://www.consector.se/ordlista/overlatelseavtal/",
  note = "Hämtad 2019-05-21"
}

@Electronic{web:inter-sambo,
  author = "Marika Wernström",
  title = "Vad händer om min sambo dör?",
  url = "https://www.inter.se/vad-hander-om-min-sambo-dor/",
  note = "Hämtad 2019-05-21"
}

@Electronic{web:gdpr,
  author = "Datainspektionen",
  title = "Dataskyddsförordningen (GDPR)",
  url = "https://www.datainspektionen.se/lagar--regler/dataskyddsforordningen/",
  note = "Hämtad 2019-05-21"
}